@article{cortesi2011,
  title = {Widening and Narrowing Operators for Abstract Interpretation},
  author = {Cortesi, Agostino and Zanioli, Matteo},
  date = {2011-04},
  journaltitle = {Computer Languages, Systems \& Structures},
  volume = {37},
  number = {1},
  pages = {24--42},
  publisher = {Elsevier BV},
  issn = {1477-8424},
  doi = {10.1016/j.cl.2010.09.001},
  url = {http://dx.doi.org/10.1016/j.cl.2010.09.001},
  file = {/Users/privat/Zotero/storage/2BSFF7YY/cortesi2011.pdf.pdf}
}

@inproceedings{cousot1977,
  title = {Abstract Interpretation: A Unified Lattice Model for Static Analysis of Programs by Construction or Approximation of Fixpoints},
  shorttitle = {Abstract Interpretation},
  booktitle = {Proceedings of the 4th {{ACM SIGACT-SIGPLAN}} Symposium on {{Principles}} of Programming Languages - {{POPL}} '77},
  author = {Cousot, Patrick and Cousot, Radhia},
  date = {1977},
  pages = {238--252},
  publisher = {ACM Press},
  location = {Los Angeles, California},
  doi = {10.1145/512950.512973},
  url = {http://portal.acm.org/citation.cfm?doid=512950.512973},
  urldate = {2024-03-06},
  eventtitle = {The 4th {{ACM SIGACT-SIGPLAN}} Symposium},
  langid = {english},
  file = {/Users/privat/Zotero/storage/RCKSB66J/cousot1977.pdf.pdf;/Users/privat/Zotero/storage/TC36M7RD/cousot1977.pdf.pdf}
}

@inproceedings{cousot1978,
  title = {Automatic Discovery of Linear Restraints among Variables of a Program},
  booktitle = {Conference Record of the Fifth Annual {{ACM SIGPLAN-SIGACT}} Symposium on Principles of Programming Languages},
  author = {Cousot, P. and Halbwachs, N.},
  date = {1978},
  pages = {84--97},
  publisher = {ACM Press, New York, NY},
  location = {Tucson, Arizona}
}

@inproceedings{cousot1979,
  title = {Systematic Design of Program Analysis Frameworks},
  booktitle = {Proceedings of the 6th {{ACM SIGACT-SIGPLAN}} Symposium on Principles of Programming Languages - {{POPL}} ’79},
  author = {Cousot, Patrick and Cousot, Radhia},
  date = {1979},
  series = {Popl ’79},
  publisher = {ACM Press},
  doi = {10.1145/567752.567778},
  url = {http://dx.doi.org/10.1145/567752.567778},
  file = {/Users/privat/Zotero/storage/6FSXGZNF/cousot1979.pdf.pdf}
}

@incollection{cousot1992,
  title = {Comparing the {{Galois}} Connection and Widening/Narrowing Approaches to Abstract Interpretation},
  booktitle = {Programming Language Implementation and Logic Programming},
  author = {Cousot, Patrick and Cousot, Radhia},
  date = {1992},
  pages = {269--295},
  publisher = {Springer-Verlag},
  url = {http://dx.doi.org/10.1007/3-540-55844-6_142},
  isbn = {3-540-55844-6}
}

@article{cousot2011,
  title = {A Parametric Segmentation Functor for Fully Automatic and Scalable Array Content Analysis},
  author = {Cousot, Patrick and Cousot, Radhia and Logozzo, Francesco},
  year = {2011-01-26, 2011},
  journaltitle = {ACM SIGPLAN Notices},
  shortjournal = {SIGPLAN Not.},
  volume = {46},
  number = {1},
  pages = {105--118},
  issn = {0362-1340, 1558-1160},
  doi = {10.1145/1925844.1926399},
  url = {https://dl.acm.org/doi/10.1145/1925844.1926399},
  urldate = {2024-03-06},
  langid = {english},
  file = {/Users/privat/Zotero/storage/BC636NKA/cousot2011.pdf.pdf;/Users/privat/Zotero/storage/HI4XZ3QT/cousot2011.pdf.pdf;/Users/privat/Zotero/storage/QQ454ZES/Cousot et al. - 2011 - A parametric segmentation functor for fully automa.pdf}
}

@book{cousot2021,
  title = {Principles of Abstract Interpretation},
  author = {Cousot, Patrick},
  date = {2021},
  publisher = {The MIT Press},
  location = {Cambridge, Massachusetts London,England},
  abstract = {"An introduction to the theory and practice of abstract interpretation, with applications to the semantics, specification, verification, and static analysis of computer programs"},
  isbn = {978-0-262-04490-5},
  langid = {english},
  pagetotal = {819},
  file = {/Users/privat/Zotero/storage/7V53CXDX/Cousot - 2021 - Principles of abstract interpretation.pdf}
}

@incollection{cousot2023,
  title = {Abstract {{Interpretation}}: {{From}} 0, 1, to Infinity},
  shorttitle = {Abstract {{Interpretation}}},
  booktitle = {Challenges of {{Software Verification}}},
  author = {Cousot, Patrick},
  editor = {Arceri, Vincenzo and Cortesi, Agostino and Ferrara, Pietro and Olliaro, Martina},
  date = {2023},
  volume = {238},
  pages = {1--18},
  publisher = {Springer Nature Singapore},
  location = {Singapore},
  doi = {10.1007/978-981-19-9601-6_1},
  url = {https://link.springer.com/10.1007/978-981-19-9601-6_1},
  urldate = {2024-03-06},
  isbn = {978-981-19960-0-9 978-981-19960-1-6},
  langid = {english}
}

@book{dawood2011,
  title = {Theories of Interval Arithmetic},
  author = {Dawood, Hend},
  date = {2011-10},
  publisher = {LAP Lambert Academic Publishing}
}

@incollection{dijkstra1976,
  title = {A Discipline of Programming},
  author = {Dijkstra, Edsger},
  date = {1976},
  pages = {111--116},
  publisher = {Prentice-Hall}
}

@misc{ernst2020,
  title = {Cuvée: {{Blending SMT-LIB}} with Programs and Weakest Preconditions},
  author = {Ernst, Gidon},
  date = {2020},
  doi = {10.48550/ARXIV.2010.05023},
  url = {https://arxiv.org/abs/2010.05023},
  copyright = {Creative Commons Attribution 4.0 International},
  organization = {arXiv},
  keywords = {FOS: Computer and information sciences,Logic in Computer Science (cs.LO)}
}

@article{scott1971,
  title = {Towards a Mathematical Semantics for Computer Languages},
  author = {Scott, Dana and Strachey, C.},
  date = {1971-01},
  journaltitle = {Proceedings of the Symposium on Computers and Automata},
  volume = {21}
}

@article{sintzoff1972,
  title = {Calculating Properties of Programs by Valuations on Specific Models},
  author = {Sintzoff, Michel},
  date = {1972-01},
  journaltitle = {ACM SIGPLAN Notices},
  volume = {7},
  number = {1},
  pages = {203--207},
  publisher = {Association for Computing Machinery (ACM)},
  issn = {1558-1160},
  doi = {10.1145/942578.807086},
  url = {http://dx.doi.org/10.1145/942578.807086},
  file = {/Users/privat/Zotero/storage/6UPAYPXC/sintzoff1972.pdf.pdf}
}
